@inproceedings{AddisBBS15,
  author    = {Bernardetta Addis and
               Dallal Belabed and
               Mathieu Bouet and
               Stefano Secci},
  title     = {Virtual network functions placement and routing optimization},
  booktitle = {{CLOUDNET}'15: International Conference on Cloud Networking},
  OPTpages     = {171--177},
  publisher = {{IEEE}},
  year      = {2015}
}

@inproceedings{AgarwalMCD18,
  author    = {Satyam Agarwal and
               Francesco Malandrino and
               Carla{-}Fabiana Chiasserini and
               Swades De},
  title     = {Joint {VNF} Placement and {CPU} Allocation in {5G}},
  booktitle = {{INFOCOM}'18: International Conference on Computer Communications},
  OPTpages     = {1943--1951},
  publisher = {{IEEE}},
  year      = {2018}
}

@inproceedings{AlFaresLV08,
  author    = {Mohammad Al{-}Fares and
               Alexander Loukissas and
               Amin Vahdat},
  title     = {A scalable, commodity data center network architecture},
  booktitle = {{SIGCOMM}'08: Special Interest Group on Data Communication},
  OPTpages     = {63--74},
  publisher = {{ACM}},
  year      = {2008}
}

@inproceedings{AllegKMA17,
  author    = {Abdelhamid Alleg and
               Riad Kouah and
               Samira Moussaoui and
               Toufik Ahmed},
  title     = {Virtual Network Functions Placement and Chaining for real-time applications},
  booktitle = {{CAMAD'17}: International Workshop on Computer Aided Modeling and
               Design of Communication Links and Networks},
  OPTpages     = {1--6},
  publisher = {{IEEE}},
  year      = {2017}
}

@article{AndraeE15,
  title     = {On global electricity usage of communication technology: trends to 2030},
  author    = {Anders Andrae and Tomas Edler},
  journal   = {Challenges},
  OPTvolume    = {6},
  OPTnumber    = {1},
  OPTpages     = {117--157},
  year      = {2015},
  publisher = {Multidisciplinary Digital Publishing Institute}
}

@inproceedings{ArcuriB11,
  author    = {Andrea Arcuri and
               Lionel C. Briand},
  title     = {A practical guide for using statistical tests to assess randomized
               algorithms in software engineering},
  booktitle = {{ICSE}'11: International Conference on Software Engineering},
  OPTpages     = {1--10},
  publisher = {{ACM/IEEE}},
  year      = {2011}
}

@techreport{ArmbrustFGJKK,
  title   = {Above the Clouds: A Berkeley View of Cloud Computing},
  author  = {Michael Armbrust and Armando Fox and Rean Griffith and Anthony D. Joseph and Randy H. Katz and Andrew Konwinski and Gunho Lee and David A. Patterson and Ariel Rabkin and Ion Stoica and Matei Zaharia},
  journal = {UCB/EECS},
  OPTvolume  = {28},
  OPTnumber  = {13},
  OPTpages   = {2009},
  year    = {2009}
}

@article{ArmbrustFGJKKLPRSZ10,
  author    = {Michael Armbrust and
               Armando Fox and
               Rean Griffith and
               Anthony Joseph and
               Randy Katz and
               Andy Konwinski and
               Gunho Lee and
               David Patterson and
               Ariel Rabkin and
               Ion Stoica and
               Matei Zaharia},
  title     = {A View of Cloud Computing},
  journal   = {Commun. {ACM}},
  OPTvolume    = {53},
  OPTnumber    = {4},
  year      = {2010},
  OPTpages     = {50--58},
  publisher = {ACM},
  address   = {New York, NY, USA}
}

@article{AvgerinouBC17,
  author  = {Maria Avgerinou and Paolo Bertoldi and Luca Castellazzi},
  title   = {Trends in Data Centre Energy Consumption under the {European} Code of Conduct for Data Centre Energy Efficiency},
  journal = {Energies},
  year    = {2017},
  OPTnumber  = {1470},
  OPTpages   = {1--18},
  OPTvolume  = {10}
}

@inproceedings{BagaaTK14,
  author    = {Miloud Bagaa and Tarik Taleb and Adlen Ksentini},
  title     = {Service-aware network function placement for efficient traffic handling in carrier cloud},
  booktitle = {{WCNC}'14: Wireless Communications and Networking Conference},
  OPTpages     = {2402--2407},
  year      = {2014}
}

@inproceedings{BariCAB15,
  author    = {Md. Faizul Bari and
               Shihabur Rahman Chowdhury and
               Reaz Ahmed and
               Raouf Boutaba},
  title     = {On orchestrating virtual network functions},
  booktitle = {{CNSM'11}: International Conference on Network and Service Management},
  OPTpages     = {50--56},
  publisher = {{IEEE}},
  year      = {2015}
}

@inproceedings{BaumgartnerRB15,
  author    = {Andreas Baumgartner and
               Varun S. Reddy and
               Thomas Bauschert},
  title     = {Combined Virtual Mobile Core Network Function Placement and Topology
               Optimization with Latency Bounds},
  booktitle = {{EWSDN'15}: European Workshop on Software Defined Networks},
  OPTpages     = {97--102},
  publisher = {{IEEE}},
  year      = {2015}
}

@inproceedings{BeckB15,
  author    = {Michael Till Beck and
               Juan Felipe Botero},
  title     = {Coordinated Allocation of Service Function Chains},
  booktitle = {{GLOBECOM}'15: Global Communications Conference},
  OPTpages     = {1--6},
  publisher = {{IEEE}},
  year      = {2015}
}

@inproceedings{BillingsleyLMMG19,
  author    = {Joseph Billingsley and Ke Li and Wang Miao and Geyong Min and Nektarios Georgalas},
  title     = {A Formal Model for Multi-objective Optimisation of Network Function Virtualisation Placement},
  booktitle = {{EMO}'19: Evolutionary Multi-Criterion Optimization},
  OPTpages     = {529--540},
  publisher = {{Springer}},
  year      = {2019}
}

@inproceedings{BillingsleyLMMG20,
  author    = {Joseph Billingsley and
               Ke Li and
               Wang Miao and
               Geyong Min and
               Nektarios Georgalas},
  title     = {Routing-Led Placement of VNFs in Arbitrary Networks},
  booktitle = {{CEC}'20: Congress on Evolutionary Computation},
  OPTpages     = {1--8},
  publisher = {{IEEE}},
  year      = {2020}
}

@article{BizanisK16,
  author  = {Nikos Bizanis and Fernando A. Kuipers},
  title   = {{SDN} and Virtualization Solutions for the Internet of Things: {A} Survey},
  journal = {{IEEE} Access},
  OPTvolume  = {4},
  OPTpages   = {5591--5606},
  year    = {2016}
}

@article{BouetLCC15,
  author  = {Mathieu Bouet and J{\'{e}}r{\'{e}}mie Leguay and Th{\'{e}}o Combe and Vania Conan},
  title   = {Cost-based placement of {vDPI} functions in {NFV} infrastructures},
  journal = {Int. Journal of Network Management},
  OPTvolume  = {25},
  OPTnumber  = {6},
  OPTpages   = {490--506},
  year    = {2015}
}

@article{CalheirosRRB09,
  author  = {Rodrigo N. Calheiros and Rajiv Ranjan and C{\'{e}}sar A. F. De Rose and Rajkumar Buyya},
  title   = {CloudSim: {A} Novel Framework for Modeling and Simulation of Cloud Computing Infrastructures and Services},
  journal = {CoRR},
  year    = {2009}
}

@inproceedings{CaoZACHS16,
  author    = {Jiuyue Cao and
               Yan Zhang and
               Wei An and
               Xin Chen and
               Yanni Han and
               Jiyan Sun},
  title     = {{VNF} Placement in Hybrid {NFV} Environment: Modeling and Genetic
               Algorithms},
  booktitle = {{ICPADS}'16: International Conference on Parallel and Distributed Systems},
  OPTpages     = {769--777},
  publisher = {{IEEE}},
  year      = {2016}
}

@article{ChantreF20,
  author  = {Hernani D. Chantre and
             Nelson Luis Saldanha da Fonseca},
  title   = {The Location Problem for the Provisioning of Protected Slices in {NFV}-Based
             {MEC} Infrastructure},
  journal = {{IEEE} J. Sel. Areas Commun.},
  OPTvolume  = {38},
  OPTnumber  = {7},
  OPTpages   = {1505--1514},
  year    = {2020}
}

@inproceedings{CharismiadisTPM20,
  author    = {Anastasios{-}Stavros Charismiadis and
               Dimitris Tsolkas and
               Nikos I. Passas and
               Lazaros F. Merakos},
  title     = {A metaheuristic approach for minimizing service creation time in slice-enabled
               networks},
  booktitle = {{ICC}'20: International Conference on Communications},
  publisher = {{IEEE}},
  year = {2020}
}

@article{ChengJ15,
  author  = {Ran Cheng and
             Yaochu Jin},
  title   = {A Competitive Swarm Optimizer for Large Scale Optimization},
  journal = {{IEEE} Trans. Cybern.},
  OPTvolume  = {45},
  OPTnumber  = {2},
  OPTpages   = {191--204},
  year    = {2015}
}

@article{ChenZLGGZYCLZ19,
  author  = {Zong{-}Gan Chen and
             Zhi{-}Hui Zhan and
             Ying Lin and
             Yue{-}Jiao Gong and
             Tianlong Gu and
             Feng Zhao and
             Huaqiang Yuan and
             Xiaofeng Chen and
             Qing Li and
             Jun Zhang},
  title   = {Multiobjective Cloud Workflow Scheduling: {A} Multiple Populations
             Ant Colony System Approach},
  journal = {{IEEE} Trans. Cybern.},
  OPTvolume  = {49},
  OPTnumber  = {8},
  OPTpages   = {2912--2926},
  year    = {2019}
}

@article{ChiesaKS17,
  author  = {Marco Chiesa and
             Guy Kindler and
             Michael Schapira},
  title   = {Traffic Engineering With Equal-Cost-MultiPath: An Algorithmic Perspective},
  journal = {{IEEE/ACM} Trans. Netw.},
  OPTvolume  = {25},
  OPTnumber  = {2},
  OPTpages   = {779--792},
  year    = {2017}
}

@article{ChuaWZSH16,
  author  = {Freddy Chong Tat Chua and
             Julie Ward and
             Ying Zhang and
             Puneet Sharma and
             Bernardo A. Huberman},
  title   = {Stringer: Balancing Latency and Resource Usage in Service Function
             Chain Provisioning},
  journal = {{IEEE} Internet Computing},
  OPTvolume  = {20},
  OPTnumber  = {6},
  OPTpages   = {22--31},
  year    = {2016}
}

@article{Cisco18,
  author = {Cisco},
  title  = {Cisco Global Cloud Index: Forecast and Methodology, 2016-2021},
  year   = {2018},
  OPTurl    = {"https://www.cisco.com/c/en/us/solutions/collateral/service-provider/global-cloud-index-gci/white-paper-c11-738085.html},
  OPTnote   = {[Online; accessed 2019-05-21]}
}

@inproceedings{ClaymanMGMM14,
  author    = {Stuart Clayman and Elisa Maini and Alex Galis and Antonio Manzalini and Nicola Mazzocca},
  title     = {The dynamic placement of virtual network functions},
  booktitle = {{NOMS}'14: Network Operations and Management Symposium},
  OPTpages     = {1--9},
  year      = {2014}
}

@inproceedings{CohenLNR15,
  author    = {Rami Cohen and
               Liane Lewin{-}Eytan and
               Joseph Naor and
               Danny Raz},
  title     = {Near optimal placement of virtual network functions},
  booktitle = {{INFOCOM}'15: Conference on Computer Communications},
  OPTpages     = {1346--1354},
  publisher = {{IEEE}},
  year      = {2015}
}

@article{CorinHSSS19,
  author  = {Roberto Doriguzzi Corin and Sandra Scott{-}Hayward and Domenico Siracusa and Marco Savi and Elio Salvadori},
  title   = {Dynamic and Application-Aware Provisioning of Chained Virtual Security Network Functions},
  journal = {CoRR},
  year    = {2019}
}

@article{DebAPM02,
  author  = {Kalyanmoy Deb and Samir Agrawal and Amrit Pratap and T. Meyarivan},
  title   = {A fast and elitist multiobjective genetic algorithm: {NSGA-II}},
  journal = {{IEEE} Trans. Evolutionary Computation},
  OPTvolume  = {6},
  OPTnumber  = {2},
  OPTpages   = {182--197},
  year    = {2002}
}

@techreport{DoddAGC20,
  author      = {Nicholas Dodd and
                 Felice Alfieri and
                 Miguel Nuno De Oliveira Gama Caldas and
                 Larisa Maya-Drysdaleand
                 Jan Viegand and
                 Sophia Flucker and
                 Robert Tozer and 
                 Beth Whitehead and
                 Anson Wu
                 Fiona Brocklehurst
                 },
  title       = {Development of the {EU} Green Public Procurement ({GPP}) Criteria for Data Centres},
  institution = {Server Rooms and Cloud Services, Publications Office of the European Union},
  year        = {2020}
}

@article{ExponentialDistribution,
  author  = {K. {Qu} and W. {Zhuang} and Q. {Ye} and X. {Shen} and X. {Li} and J. {Rao}},
  journal = {{IEEE} Trans. Commun.},
  title   = {Dynamic Flow Migration for Embedded Services in {SDN}/{NFV}-Enabled {5G} Core Networks},
  year    = {2020},
  OPTvolume  = {68},
  OPTnumber  = {4},
  OPTpages   = {2394-2408},
}

@article{FischerBBMH13,
  author  = {Andreas Fischer and
             Juan Felipe Botero and
             Michael Till Beck and
             Hermann de Meer and
             Xavier Hesselbach},
  title   = {Virtual Network Embedding: {A} Survey},
  journal = {{IEEE} Communications Surveys and Tutorials},
  OPTvolume  = {15},
  OPTnumber  = {4},
  OPTpages   = {1888--1906},
  year    = {2013}
}

@article{FonsecaF98,
  author  = {Carlos M. Fonseca and
             Peter J. Fleming},
  title   = {Multiobjective optimization and multiple constraint handling with
             evolutionary algorithms. I. {A} unified formulation},
  journal = {{IEEE} Trans. Systems, Man, and Cybernetics, Part {A}},
  OPTvolume  = {28},
  OPTnumber  = {1},
  OPTpages   = {26--37},
  year    = {1998}
}

@article{GaoABS18,
  author  = {Meihui Gao and Bernardetta Addis and Mathieu Bouet and Stefano Secci},
  title   = {Optimal orchestration of virtual network functions},
  journal = {Computer Networks},
  OPTvolume  = {142},
  OPTpages   = {108--127},
  year    = {2018}
}

@inproceedings{GebertZLST16,
  author    = {Steffen Gebert and Thomas Zinner and Stanislav Lange and Christian Schwartz and Phuoc Tran{-}Gia},
  title     = {Performance Modeling of Softwarized Network Functions Using Discrete-Time Analysis},
  booktitle = {{ITC}'16: International Teletraffic Congress},
  OPTpages     = {234--242},
  year      = {2016}
}

@book{GelenbePN98,
  title     = {Introduction to Queueing Networks},
  author    = {Erol Gelenbe and Guy Pujolle and J. Nelson},
  OPTvolume    = {2},
  year      = {1998},
  publisher = {Wiley New York}
}

@book{GKP1994,
  author    = {Ronald L. Graham and
               Donald E. Knuth and
               Oren Patashnik},
  title     = {Concrete Mathematics: {A} Foundation for Computer Science, 2nd Ed},
  publisher = {Addison-Wesley},
  year      = {1994}
}

@article{GouarebFA18,
  author  = {Racha Gouareb and
             Vasilis Friderikos and
             Abdol{-}Hamid Aghvami},
  title   = {Virtual Network Functions Routing and Placement for Edge Cloud Latency
             Minimization},
  journal = {{IEEE} J. Sel. Areas Commun.},
  OPTvolume  = {36},
  OPTnumber  = {10},
  OPTpages   = {2346--2357},
  year    = {2018}
}

@article{GreenbergM92,
  author  = {Albert G. Greenberg and
             Neal Madras},
  title   = {How Fair is Fair Queuing?},
  journal = {J. {ACM}},
  OPTvolume  = {39},
  OPTnumber  = {3},
  OPTpages   = {568--598},
  year    = {1992}
}

@inproceedings{GuoWLQA0Y20,
  author    = {Hantao Guo and
               Ying Wang and
               Zifan Li and
               Xuesong Qiu and
               Hengbin An and
               Peng Yu and
               Ningcheng Yuan},
  title     = {Cost-aware Placement and Chaining of Service Function Chain with {VNF}
               Instance Sharing},
  booktitle = {{NOMS}'20: Network Operations and Management Symposium},
  OPTpages     = {1--8},
  publisher = {{IEEE/IFIP}},
  year      = {2020}
}

@article{HawiloJS19,
  author  = {Hassan Hawilo and
             Manar Jammal and
             Abdallah Shami},
  title   = {Network Function Virtualization-Aware Orchestrator for Service Function
             Chaining Placement in the Cloud},
  journal = {{IEEE} J. Sel. Areas Commun.},
  OPTvolume  = {37},
  OPTnumber  = {3},
  OPTpages   = {643--655},
  year    = {2019}
}

@article{HeCZTCY20,
  author  = {Cheng He and
             Ran Cheng and
             Chuanji Zhang and
             Ye Tian and
             Qin Chen and
             Xin Yao},
  title   = {Evolutionary Large-Scale Multiobjective Optimization for Ratio Error
             Estimation of Voltage Transformers},
  journal = {{IEEE} Trans. Evol. Comput.},
  OPTvolume  = {24},
  OPTnumber  = {5},
  OPTpages   = {868--881},
  year    = {2020}
}

@article{HopperT01,
  author  = {E. Hopper and
             B. C. H. Turton},
  title   = {A Review of the Application of Meta-Heuristic Algorithms to 2D Strip
             Packing Problems},
  journal = {Artif. Intell. Rev.},
  OPTvolume  = {16},
  OPTnumber  = {4},
  OPTpages   = {257--300},
  year    = {2001}
}

@techreport{Hopps2000,
  title  = {{RFC} 2992: {Analysis} of an equal-cost multi-path algorithm},
  author = {Christian Hopps},
  institution = {IETF},
  year   = {2000}
}

@misc{Idc19,
  author = {{International Data Corporation}},
  title  = {IDC Forecasts Worldwide Spending on the Internet of Things to Reach \$745 Billion in 2019, Led by the Manufacturing, Consumer, Transportation, and Utilities Sectors},
  year   = {2019},
  OPTurl    = {https://www.idc.com/getdoc.jsp?containerId=prUS44596319},
  OPTnote   = {[Online; accessed 23-April-2019]}
}

@article{InfiniteQueue,
  author  = {R. {Bolla} and R. {Bruschi} and F. {Davoli} and J. F. {Pajo}},
  journal = {IEEE Transactions on Green Communications and Networking},
  title   = {A Model-Based Approach Towards Real-Time Analytics in {NFV} Infrastructures},
  year    = {2020},
  OPTvolume  = {4},
  OPTnumber  = {2},
  OPTpages   = {529-541},
}

@techreport{IntelDPDK,
  title       = {Impact of the {Intel} Data Plane Development Kit ({Intel} {DPDK}) on Packet Throughput in Virtualized Network Elements},
  institution = {Intel},
  year        = {2013}
}

@techreport{IntelPPP,
  title       = {Packet Processing Performance of Virtualized Platforms with {Linux}* and {Intel} Architecture},
  institution = {Intel},
  year        = {2013}
}

@inproceedings{JemaaPP16,
  author    = {Fatma Ben Jemaa and Guy Pujolle and Michel Pariente},
  title     = {Analytical Models for {QoS}-driven {VNF} Placement and Provisioning in Wireless Carrier Cloud},
  booktitle = {MSWiM'16: International Conference on Modeling, Analysis and Simulation of Wireless and Mobile Systems},
  OPTpages     = {148--155},
  publisher = {{ACM}},
  year      = {2016}
}

@article{JenningsS15,
  author  = {Brendan Jennings and Rolf Stadler},
  title   = {Resource Management in Clouds: Survey and Research Challenges},
  journal = {J. Network Syst. Manage.},
  OPTvolume  = {23},
  OPTnumber  = {3},
  OPTpages   = {567--619},
  year    = {2015}
}

@article{JiaMZ21,
  title     = {A Two-Stage Swarm Optimizer With Local Search for Water Distribution Network Optimization},
  author    = {Ya-Hui Jia and Yi Mei and Mengjie Zhang},
  journal   = {{IEEE} Trans. Cybern.},
  year      = {2021},
  publisher = {IEEE}
}

@article{JungM02,
  author  = {Soonchul Jung and
             Byung Ro Moon},
  title   = {Toward minimal restriction of genetic encoding and crossovers for
             the two-dimensional Euclidean {TSP}},
  journal = {{IEEE} Trans. Evol. Comput.},
  OPTvolume  = {6},
  OPTnumber  = {6},
  OPTpages   = {557--565},
  year    = {2002}
}

@article{Katz53,
  title     = {A new status index derived from sociometric analysis},
  author    = {Leo Katz},
  journal   = {Psychometrika},
  OPTvolume    = {18},
  OPTnumber    = {1},
  OPTpages     = {39--43},
  year      = {1953},
  publisher = {Springer}
}

@inproceedings{KaurGK020,
  author    = {Kuljeet Kaur and
               Sahil Garg and
               Georges Kaddoum and
               Song Guo},
  title     = {{ESP-VDCE}: {Energy}, {SLA}, and Price-driven Virtual Data Center Embedding},
  booktitle = {{ICC}'20: International Conference on Communications},
  OPTpages     = {1--7},
  publisher = {{IEEE}},
  year      = {2020}
}

@inproceedings{KawashimaOOM16,
  author    = {Kota Kawashima and Tatsuya Otoshi and Yuichi Ohsita and Masayuki Murata},
  title     = {Dynamic placement of virtual network functions based on model predictive control},
  booktitle = {{NOMS}'16: Network Operations and Management Symposium},
  OPTpages     = {1037--1042},
  publisher = {{IEEE/IFIP}},
  year      = {2016}
}

@inproceedings{KellerTLB12,
  author    = {Gast{\'{o}}n Keller and
               Michael Tighe and
               Hanan Lutfiyya and
               Michael Bauer},
  title     = {An analysis of first fit heuristics for the virtual machine relocation
               problem},
  booktitle = {{CNSM}'12: International Conference on Network and Service Management},
  OPTpages     = {406--413},
  year      = {2012}
}

@book{Kleinrock75,
  author    = {Leonard Kleinrock},
  title     = {Theory, volume 1, Queueing Systems},
  year      = {1975},
  isbn      = {0471491101},
  publisher = {Wiley-Interscience}
}

@article{LakshmiI2013,
  title     = {Application of queueing theory in health care: A literature review},
  author    = {C Lakshmi and Sivakumar Appa Iyer},
  journal   = {Operations Research for Health Care},
  OPTvolume    = {2},
  OPTnumber    = {1-2},
  OPTpages     = {25--39},
  year      = {2013},
  publisher = {Elsevier}
}

@article{Lanctot2017,
  title  = {Accelerating the future: The economic impact of the emerging passenger economy},
  author = {Roger Lanctot},
  year   = {2017},
  OPTurl    = {https://newsroom.intel.com/newsroom/wp-content/uploads/sites/11/2017/05/passenger-economy.pdf},
  OPTnote   = {[Online; accessed 17-May-2019]}
}

@article{Landa-Silva13,
  author  = {Dario Landa{-}Silva},
  title   = {Franz Rothlauf: Design of Modern Heuristics},
  journal = {Genet. Program. Evolvable Mach.},
  OPTvolume  = {14},
  OPTnumber  = {1},
  OPTpages   = {119--121},
  year    = {2013}
}

@inproceedings{LangeGZTJ17,
  author    = {Stanislav Lange and
               Alexej Grigorjew and
               Thomas Zinner and
               Phuoc Tran{-}Gia and
               Michael Jarschel},
  title     = {A Multi-objective Heuristic for the Optimization of Virtual Network
               Function Chain Placement},
  booktitle = {{ITC}'17: International Teletraffic Congress},
  OPTpages     = {152--160},
  year      = {2017}
}

@article{LebiednikMT16,
  author  = {Brian Lebiednik and
             Aman Mangal and
             Niharika Tiwari},
  title   = {A Survey and Evaluation of Data Center Network Topologies},
  journal = {CoRR},
  year    = {2016},
}

@inproceedings{LeivadeasFLIK18,
  author    = {Aris Leivadeas and
               Matthias Falkner and
               Ioannis Lambadaris and
               Mohamed Ibnkahla and
               George Kesidis},
  title     = {Balancing Delay and Cost in Virtual Network Function Placement and
               Chaining},
  booktitle = {{NetSoft}'18: Conference on Network Softwarization and Workshops},
  OPTpages     = {433--440},
  publisher = {{IEEE}},
  year      = {2018}
}

@inproceedings{Li0TL14,
  author    = {Xin Li and
               Jie Wu and
               Shaojie Tang and
               Sanglu Lu},
  title     = {Let's stay together: Towards traffic aware virtual machine placement
               in data centers},
  booktitle = {{INFOCOM}'14: Conference on Computer Communications},
  OPTpages     = {1842--1850},
  publisher = {{IEEE}},
  year      = {2014}
}

@article{LiuLJ14,
  author  = {Chenlong Liu and
             Jing Liu and
             Zhongzhou Jiang},
  title   = {A Multiobjective Evolutionary Algorithm Based on Similarity for Community
             Detection From Signed Social Networks},
  journal = {{IEEE} Trans. Cybern.},
  OPTvolume  = {44},
  OPTnumber  = {12},
  OPTpages   = {2274--2287},
  year    = {2014}
}

@article{LiuZDLGZ18,
  author  = {Xiao Fang Liu and
             Zhi{-}Hui Zhan and
             Jeremiah D. Deng and
             Yun Li and
             Tianlong Gu and
             Jun Zhang},
  title   = {An Energy Efficient Ant Colony System for Virtual Machine Placement
             in Cloud Computing},
  journal = {{IEEE} Trans. Evolutionary Computation},
  OPTvolume  = {22},
  OPTnumber  = {1},
  OPTpages   = {113--128},
  year    = {2018}
}

@article{LuizelliCBG17,
  author  = {Marcelo Caggiani Luizelli and
             Weverton Luis da Costa Cordeiro and
             Luciana S. Buriol and
             Luciano Paschoal Gaspary},
  title   = {A fix-and-optimize approach for efficient and large scale virtual
             network function placement and chaining},
  journal = {Computer Communications},
  OPTvolume  = {102},
  OPTpages   = {67--77},
  year    = {2017}
}

@inproceedings{MarchioriS00,
  author    = {Elena Marchiori and
               Adri G. Steenbeek},
  editor    = {Stefano Cagnoni and
               Riccardo Poli and
               Yun Li and
               George D. Smith and
               David Corne and
               Martin J. Oates and
               Emma Hart and
               Pier Luca Lanzi and
               Egbert J. W. Boers and
               Ben Paechter and
               Terence C. Fogarty},
  title     = {An Evolutionary Algorithm for Large Scale Set Covering Problems with
               Application to Airline Crew Scheduling},
  booktitle = {{EvoWorkshops}'00: Real-World Applications of Evolutionary Computing},
  series    = {Lecture notes in Computer Science},
  OPTvolume    = {1803},
  OPTpages     = {367--381},
  publisher = {Springer},
  year      = {2000}
}

@inproceedings{MarottaK16,
  author    = {Antonio Marotta and Andreas Kassler},
  title     = {A Power Efficient and Robust Virtual Network Functions Placement Problem},
  booktitle = {{ITC}'16: International Teletraffic Congress},
  OPTpages     = {331--339},
  year      = {2016}
}

@article{MarottaZDK17,
  author  = {Antonio Marotta and Enrica Zola and Fabio D'Andreagiovanni and Andreas Kassler},
  title   = {A fast robust optimization-based heuristic for the deployment of green virtual network functions},
  journal = {J. Network and Computer Applications},
  OPTvolume  = {95},
  OPTpages   = {42--53},
  year    = {2017}
}

@article{MasanetSLSK20,
  author    = {Eric Masanet and Arman Shehabi and Nuoa Lei and Sarah Smith and Jonathan Koomey},
  title     = {Recalibrating global data center energy-use estimates},
  OPTvolume    = {367},
  OPTnumber    = {6481},
  OPTpages     = {984--986},
  year      = {2020},
  publisher = {American Association for the Advancement of Science},
  journal   = {Science}
}

@article{MavrovouniotisM17,
  author  = {Michalis Mavrovouniotis and
             Felipe Martins M{\"{u}}ller and
             Shengxiang Yang},
  title   = {Ant Colony Optimization With Local Search for Dynamic Traveling Salesman
             Problems},
  journal = {{IEEE} Trans. Cybern.},
  OPTvolume  = {47},
  OPTnumber  = {7},
  OPTpages   = {1743--1756},
  year    = {2017}
}

@article{MeiLY14,
  author  = {Yi Mei and
             Xiaodong Li and
             Xin Yao},
  title   = {Cooperative Coevolution With Route Distance Grouping for Large-Scale
             Capacitated Arc Routing Problems},
  journal = {{IEEE} Trans. Evol. Comput.},
  OPTvolume  = {18},
  OPTnumber  = {3},
  OPTpages   = {435--449},
  year    = {2014}
}

@inproceedings{MengPZ10,
  author    = {Xiaoqiao Meng and
               Vasileios Pappas and
               Li Zhang},
  title     = {Improving the Scalability of Data Center Networks with Traffic-aware
               Virtual Machine Placement},
  booktitle = {{INFOCOM}'10: International Conference on Computer Communications},
  OPTpages     = {1154--1162},
  publisher = {IEEE},
}

@inproceedings{MijumbiHDDJB16,
  author    = {Rashid Mijumbi and Sidhant Hasija and Steven Davy and Alan Davy and Brendan Jennings and Raouf Boutaba},
  title     = {A connectionist approach to dynamic resource management for virtualised network functions},
  booktitle = {{CNSM}'16: International Conference on Network and Service Management},
  OPTpages     = {1--9},
  publisher = {IEEE},
  year      = {2016}
}

@inproceedings{MijumbiSGBTD15,
  author    = {Rashid Mijumbi and Joan Serrat and Juan{-}Luis Gorricho and Niels Bouten and Filip De Turck and Steven Davy},
  title     = {Design and evaluation of algorithms for mapping and scheduling of virtual network functions},
  booktitle = {{NetSoft}'15: Conference on Network Softwarization},
  OPTpages     = {1--9},
  publisher = {IEEE},
  year      = {2015}
}

@article{MiottoLCG19,
  author  = {Gustavo Miotto and
             Marcelo Caggiani Luizelli and
             Weverton Luis da Costa Cordeiro and
             Luciano Paschoal Gaspary},
  title   = {Adaptive placement {\&} chaining of virtual network functions
             with {NFV-PEAR}},
  journal = {J. Internet Services and Applications},
  OPTvolume  = {10},
  OPTnumber  = {1},
  OPTpages   = {3:1--3:19},
  year    = {2019}
}

@article{MontanoCM12,
  author  = {Alfredo Arias Monta{\~{n}}o and
             Carlos A. Coello Coello and
             Efr{\'{e}}n Mezura{-}Montes},
  title   = {Multiobjective Evolutionary Algorithms in Aeronautical and Aerospace
             Engineering},
  journal = {{IEEE} Trans. Evolutionary Computation},
  OPTvolume  = {16},
  OPTnumber  = {5},
  OPTpages   = {662--694},
  year    = {2012}
}

@misc{Navigant19,
  author = {{Navigant Research}},
  title  = {Smart Cities},
  year   = {2019},
  OPTurl    = {https://www.navigantresearch.com/reports/smart-cities},
  OPTnote   = {[Online; accessed 23-April-2019]}
}

@inproceedings{OljiraBTG16,
  author    = {Dejene Boru Oljira and
               Anna Brunstr{\"{o}}m and
               Javid Taheri and
               Karl{-}Johan Grinnemo},
  title     = {Analysis of Network Latency in Virtualized Environments},
  booktitle = {{GLOBECOM}'16: Global Communications Conference},
  OPTpages     = {1--6},
  publisher = {IEEE},
  year      = {2016}
}

@inproceedings{OljiraGTB17,
  author    = {Dejene Boru Oljira and Karl{-}Johan Grinnemo and Javid Taheri and Anna Brunstr{\"{o}}m},
  title     = {A model for {QoS}-aware {VNF} placement and provisioning},
  booktitle = {{NFV-SDN}'17: Conference on Network Function Virtualization and Software Defined Networks},
  OPTpages     = {1--7},
  publisher = {IEEE},
  year      = {2017}
}

@article{PapadopoulosC96,
  title     = {Queueing theory in manufacturing systems analysis and design: A classification of models for production and transfer lines},
  author    = {HT Papadopoulos and Cathal Heavey},
  journal   = {European Journal of Operational Research},
  OPTvolume    = {92},
  OPTnumber    = {1},
  OPTpages     = {1--27},
  year      = {1996},
  publisher = {Elsevier}
}

@article{PeiHXLWW20,
  author  = {Jianing Pei and
             Peilin Hong and
             Kaiping Xue and
             Defang Li and
             David S. L. Wei and
             Feng Wu},
  title   = {Two-Phase Virtual Network Function Selection and Chaining Algorithm
             Based on Deep Learning in {SDN/NFV}-Enabled Networks},
  journal = {{IEEE} J. Sel. Areas Commun.},
  OPTvolume  = {38},
  OPTnumber  = {6},
  OPTpages   = {1102--1117},
  year    = {2020}
}

@article{PengJW19,
  author  = {Xingguang Peng and
             Yaochu Jin and
             Handing Wang},
  title   = {Multimodal Optimization Enhanced Cooperative Coevolution for Large-Scale
             Optimization},
  journal = {{IEEE} Trans. Cybern.},
  OPTvolume  = {49},
  OPTnumber  = {9},
  OPTpages   = {3507--3520},
  year    = {2019}
}

@article{PoissonTraffic,
  author  = {W. {Miao} and G. {Min} and Y. {Wu} and H. {Huang} and Z. {Zhao} and H. {Wang} and C. {Luo}},
  journal = {{IEEE} J. Sel. Areas Commun.},
  title   = {Stochastic Performance Analysis of Network Function Virtualization in Future Internet},
  year    = {2019},
  OPTvolume  = {37},
  OPTnumber  = {3},
  OPTpages   = {613-626},
}

@inproceedings{Pongor93,
  author    = {Gy{\"{o}}rgy Pongor},
  title     = {OMNeT: Objective Modular Network Testbed},
  booktitle = {{MASCOTS}'93: International Workshop on Modeling,
               Analysis, and Simulation On Computer and Telecommunication Systems},
  OPTpages     = {323--326},
  publisher = {The Society for Computer Simulation},
  year      = {1993}
}

@article{QiSW19,
  author  = {Dandan Qi and
             Subin Shen and
             Guanghui Wang},
  title   = {Towards an efficient {VNF} placement in network function virtualization},
  journal = {Comput. Commun.},
  OPTvolume  = {138},
  OPTpages   = {81--89},
  year    = {2019}
}

@article{QuASK17,
  author  = {Long Qu and
             Chadi Assi and
             Khaled Bashir Shaban and
             Maurice J. Khabbaz},
  title   = {A Reliability-Aware Network Service Chain Provisioning With Delay
             Guarantees in {NFV}-Enabled Enterprise Datacenter Networks},
  journal = {{IEEE} Trans. Network and Service Management},
  OPTvolume  = {14},
  OPTnumber  = {3},
  OPTpages   = {554--568},
  year    = {2017}
}

@article{QuZYSLR20,
  author  = {Kaige Qu and
             Weihua Zhuang and
             Qiang Ye and
             Xuemin Shen and
             Xu Li and
             Jaya Rao},
  title   = {Dynamic Flow Migration for Embedded Services in {SDN}/{NFV}-Enabled {5G}
             Core Networks},
  journal = {{IEEE} Trans. Communications},
  OPTvolume  = {68},
  OPTnumber  = {4},
  OPTpages   = {2394--2408},
  year    = {2020}
}

@article{RankothgeLRL17,
  author  = {Windhya Rankothge and Franck Le and Alessandra Russo and Jorge Lobo},
  title   = {Optimizing Resource Allocation for Virtualized Network Functions in a Cloud Center Using Genetic Algorithms},
  journal = {{IEEE} Trans. Network and Service Management},
  OPTvolume  = {14},
  OPTnumber  = {2},
  OPTpages   = {343--356},
  year    = {2017}
}

@inproceedings{RankothgeMLRL15,
  author    = {Windhya Rankothge and
               Jiefei Ma and
               Franck Le and
               Alessandra Russo and
               Jorge Lobo},
  title     = {Towards making network function virtualization a cloud computing service},
  booktitle = {{IM}'15: International Symposium on Integrated Network Management},
  OPTpages     = {89--97},
  publisher = {{IFIP/IEEE}},
  year      = {2015}
}

@inproceedings{ReynaudABBC16,
  author    = {Fran{\c{c}}ois Reynaud and
               Fran{\c{c}}ois{-}Xavier Aguessy and
               Olivier Bettan and
               Mathieu Bouet and
               Vania Conan},
  title     = {Attacks against Network Functions Virtualization and Software-Defined
               Networking: State-of-the-art},
  booktitle = {{NetSoft}'16: NetSoft Conference and Workshops},
  OPTpages     = {471--476},
  publisher = {{IEEE}},
  year      = {2016}
}

@article{SallamJ2019,
  author  = {Gamal Sallam and
             Bo Ji},
  title   = {Joint Placement and Allocation of Virtual Network Functions with Budget and Capacity Constraints},
  journal = {CoRR},
  year    = {2019}
}

@article{SanchezGR08,
  author  = {Javier J. S{\'{a}}nchez Medina and
             Manuel J. Gal{\'{a}}n and
             Enrique Rubio},
  title   = {Applying a Traffic Lights Evolutionary Optimization Technique to a
             Real Case: "Las Ramblas" Area in Santa Cruz de Tenerife},
  journal = {{IEEE} Trans. Evol. Comput.},
  OPTvolume  = {12},
  OPTnumber  = {1},
  OPTpages   = {25--40},
  year    = {2008}
}

@inproceedings{SangJGDY17,
  author    = {Yu Sang and
               Bo Ji and
               Gagan Raj Gupta and
               Xiaojiang Du and
               Lin Ye},
  title     = {Provably efficient algorithms for joint placement and allocation of
               virtual network functions},
  booktitle = {{INFOCOM}'17: Conference on Computer Communications},
  OPTpages     = {1--9},
  publisher = {{IEEE}},
  year      = {2017}
}

@article{Satyanarayanan17,
  author  = {Mahadev Satyanarayanan},
  title   = {The Emergence of Edge Computing},
  journal = {{IEEE} Computer},
  OPTvolume  = {50},
  OPTnumber  = {1},
  OPTpages   = {30--39},
  year    = {2017}
}

@techreport{ShehabiARSSD16,
  author = {Arman Shehabi and
            Sarah Josephine Smith and
            Dale A. Sartor and
            Richard E. Brown and
            Magnus Herrlin and
            Jonathan G. Koomey and
            Eric R. Masanet and
            Horner, Nathaniel and
            In{\^e}s Lima Azevedo and
            Lintner, William},
  title  = {{United States} Data Center Energy Usage Report},
  year   = {2016},
  OPTurl    = {https://eta.lbl.gov/publications/united-states-data-center-energy}
}

@article{ShinLKZ05,
  author  = {Soo{-}Yong Shin and
             In{-}Hee Lee and
             Dongmin Kim and
             Byoung{-}Tak Zhang},
  title   = {Multiobjective evolutionary optimization of {DNA} sequences for reliable
             {DNA} computing},
  journal = {{IEEE} Trans. Evol. Comput.},
  OPTvolume  = {9},
  OPTnumber  = {2},
  OPTpages   = {143--158},
  year    = {2005}
}

@article{SongZE15,
  title   = {Data Center Energy and Cost Saving Evaluation},
  journal = {Energy Procedia},
  OPTvolume  = {75},
  OPTpages   = {1255 - 1260},
  year    = {2015},
  author  = {Zz Song and Xiaojing Zhang and Clas Eriksson}
}

@inproceedings{SoualahMGZ17,
  author    = {Oussama Soualah and
               Marouen Mechtri and
               Chaima Ghribi and
               Djamal Zeghlache},
  title     = {Energy Efficient Algorithm for {VNF} Placement and Chaining},
  booktitle = {{CCGRID}'17: International Symposium on Cluster, Cloud and Grid Computing},
  OPTpages     = {579--588},
  publisher = {{IEEE}/{ACM}},
  year      = {2017}
}

@book{Sztrik2012,
  author = {{János Sztrik}},
  title  = {Basic Queueing Theory},
  year   = {2012},
  OPTurl    = {https://irh.inf.unideb.hu/~jsztrik/education/16/SOR_Main_Angol.pdf},
  OPTnote   = {[Online; accessed 17-May-2019]}
}

@article{TayaraniNYX15,
  author  = {Mohammad{-}H. Tayarani{-}N. and
             Xin Yao and
             Hongming Xu},
  title   = {Meta-Heuristic Algorithms in Car Engine Design: {A} Literature Survey},
  journal = {{IEEE} Trans. Evolutionary Computation},
  OPTvolume  = {19},
  OPTnumber  = {5},
  OPTpages   = {609--629},
  year    = {2015}
}

@inproceedings{VizarretaCMMK17,
  author    = {Petra Vizarreta and
               Massimo Condoluci and
               Carmen Mas Machuca and
               Toktam Mahmoodi and
               Wolfgang Kellerer},
  title     = {{QoS}-driven function placement reducing expenditures in {NFV} deployments},
  booktitle = {{ICC}'17: International Conference on Communications},
  OPTpages     = {1--7},
  publisher = {{IEEE}},
  year      = {2017}
}

@article{WangJ20,
  author  = {Handing Wang and
             Yaochu Jin},
  title   = {A Random Forest-Assisted Evolutionary Algorithm for Data-Driven Constrained
             Multiobjective Combinatorial Optimization of Trauma Systems},
  journal = {{IEEE} Trans. Cybern.},
  OPTvolume  = {50},
  OPTnumber  = {2},
  OPTpages   = {536--549},
  year    = {2020}
}

@article{WangLJ20,
  author  = {Shuai Wang and
             Jing Liu and
             Yaochu Jin},
  title   = {Surrogate-Assisted Robust Optimization of Large-Scale Networks Based
             on Graph Embedding},
  journal = {{IEEE} Trans. Evol. Comput.},
  OPTvolume  = {24},
  OPTnumber  = {4},
  OPTpages   = {735--749},
  year    = {2020},
  OPTurl     = {https://doi.org/10.1109/TEVC.2019.2950935}
}

@inproceedings{WangN10,
  author    = {Guohui Wang and
               T. S. Eugene Ng},
  title     = {The Impact of Virtualization on Network Performance of Amazon {EC2}
               Data Center},
  booktitle = {{INFOCOM}'10: International Conference on Computer Communications},
  OPTpages     = {1163--1171},
  year      = {2010}
}

@article{WangWZ19,
  author  = {Jiahai Wang and
             Taiyao Weng and
             Qingfu Zhang},
  title   = {A Two-Stage Multiobjective Evolutionary Algorithm for Multiobjective
             Multidepot Vehicle Routing Problem With Time Windows},
  journal = {{IEEE} Trans. Cybern.},
  OPTvolume  = {49},
  OPTnumber  = {7},
  OPTpages   = {2467--2478},
  year    = {2019}
}

@inproceedings{Woeginger01,
  author    = {Gerhard J. Woeginger},
  title     = {Exact Algorithms for NP-Hard Problems: {A} Survey},
  booktitle = {Combinatorial Optimization - Eureka, You Shrink!, Papers Dedicated
               to Jack Edmonds, 5th International Workshop},
  OPTpages     = {185--208},
  year      = {2001}
}

@inproceedings{Woeginger01,
  author    = {Gerhard J. Woeginger},
  title     = {Exact Algorithms for NP-Hard Problems: {A} Survey},
  series    = {Lecture notes in Computer Science},
  OPTvolume    = {2570},
  OPTpages     = {185--208},
  publisher = {Springer},
  year      = {2001},
}

@book{Wolsey90,
  title     = {Integer and combinatorial optimization},
  author    = {Wolsey, Laurence A and Nemhauser, George L},
  year      = {1988},
  publisher = {John Wiley \& Sons}
}

@inproceedings{XiaCX16,
  author    = {Jing Xia and Zhiping Cai and Ming Xu},
  title     = {Optimized Virtual Network Functions Migration for {NFV}},
  booktitle = {{ICPADS}'16: International Conference on Parallel and Distributed Systems},
  OPTpages     = {340--346},
  publisher = {{IEEE}},
  year      = {2016}
}

@article{XiongLCA14,
  author  = {Jian Xiong and
             Jing Liu and
             Yingwu Chen and
             Hussein A. Abbass},
  title   = {A Knowledge-Based Evolutionary Multiobjective Approach for Stochastic
             Extended Resource Investment Project Scheduling Problems},
  journal = {{IEEE} Trans. Evol. Comput.},
  OPTvolume  = {18},
  OPTnumber  = {5},
  OPTpages   = {742--763},
  year    = {2014}
}

@article{XueZB13,
  author  = {Bing Xue and
             Mengjie Zhang and
             Will N. Browne},
  title   = {Particle Swarm Optimization for Feature Selection in Classification:
             {A} Multi-Objective Approach},
  journal = {{IEEE} Trans. Cybern.},
  OPTvolume  = {43},
  OPTnumber  = {6},
  OPTpages   = {1656--1671},
  year    = {2013}
}

@inproceedings{XuF10,
  author    = {Jing Xu and Jos{\'{e}} A. B. Fortes},
  title     = {Multi-Objective Virtual Machine Placement in Virtualized Data Center Environments},
  booktitle = {GreenCom'10: International Conference on Green Computing and Communications},
  OPTpages     = {179--188},
  year      = {2010}
}

@inproceedings{XuF11,
  author    = {Jing Xu and Jos{\'{e}} A. B. Fortes},
  title     = {A multi-objective approach to virtual machine management in datacenters},
  booktitle = {ICAC'11: International Conference on Autonomic Computing},
  OPTpages     = {225--234},
  publisher = {{ACM}},
  year      = {2011}
}

@inproceedings{YamadaN92,
  author    = {Takeshi Yamada and
               Ryohei Nakano},
  editor    = {Reinhard M{\"{a}}nner and
               Bernard Manderick},
  title     = {A Genetic Algorithm Applicable to Large-Scale Job-Shop Problems},
  booktitle = {{PPSN}'92: Parallel Problem Solving from Nature},
  OPTpages     = {283--292},
  publisher = {Elsevier},
  year      = {1992}
}

@article{YeZLR19,
  author  = {Qiang Ye and
             Weihua Zhuang and
             Xu Li and
             Jaya Rao},
  title   = {End-to-End Delay Modeling for Embedded {VNF} Chains in {5G} Core Networks},
  journal = {{IEEE} Internet of Things Journal},
  OPTvolume  = {6},
  OPTnumber  = {1},
  OPTpages   = {692--704},
  year    = {2019}
}

@article{YoonK13,
  author  = {Yourim Yoon and
             Yong{-}Hyuk Kim},
  title   = {An Efficient Genetic Algorithm for Maximum Coverage Deployment in
             Wireless Sensor Networks},
  journal = {{IEEE} Trans. Cybern.},
  OPTvolume  = {43},
  OPTnumber  = {5},
  OPTpages   = {1473--1483},
  year    = {2013}
}

@article{YuanBTZLL17,
  author  = {Haitao Yuan and
             Jing Bi and
             Wei Tan and
             MengChu Zhou and
             Bo Hu Li and
             Jianqiang Li},
  title   = {{TTSA:} An Effective Scheduling Approach for Delay Bounded Tasks in
             Hybrid Clouds},
  journal = {{IEEE} Trans. Cybern.},
  OPTvolume  = {47},
  OPTnumber  = {11},
  OPTpages   = {3658--3668},
  year    = {2017}
}

@article{ZhangL07,
  author  = {Qingfu Zhang and
             Hui Li},
  title   = {{MOEA/D:} {A} Multiobjective Evolutionary Algorithm Based on Decomposition},
  journal = {{IEEE} Trans. Evolutionary Computation},
  OPTvolume  = {11},
  OPTnumber  = {6},
  OPTpages   = {712--731},
  year    = {2007}
}

@inproceedings{ZhangXLLGW17,
  author    = {Qixia Zhang and
               Yikai Xiao and
               Fangming Liu and
               John C. S. Lui and
               Jian Guo and
               Tao Wang},
  editor    = {Kisung Lee and
               Ling Liu},
  title     = {Joint Optimization of Chain Placement and Request Scheduling for Network
               Function Virtualization},
  booktitle = {{ICDCS}'17: International Conference on Distributed Computing Systems},
  OPTpages     = {731--741},
  publisher = {{IEEE}},
  year      = {2017}
}

@article{ZhouL17,
  author  = {Mingxing Zhou and
             Jing Liu},
  title   = {A Two-Phase Multiobjective Evolutionary Algorithm for Enhancing the
             Robustness of Scale-Free Networks Against Multiple Malicious Attacks},
  journal = {{IEEE} Trans. Cybern.},
  OPTvolume  = {47},
  OPTnumber  = {2},
  OPTpages   = {539--552},
  year    = {2017}
}

@inproceedings{ZitzlerK04,
  author    = {Eckart Zitzler and Simon K{\"{u}}nzli},
  title     = {Indicator-Based Selection in Multiobjective Search},
  booktitle = {{PPSN}'04: International Conference on Parallel Problem Solving from Nature},
  OPTpages     = {832--842},
  year      = {2004}
}

@article{ZitzlerT99,
  author    = {Eckart Zitzler and
               Lothar Thiele},
  title     = {Multiobjective evolutionary algorithms: a comparative case study and
               the strength Pareto approach},
  journal   = {{IEEE} Trans. Evol. Comput.},
  OPTvolume    = {3},
  OPTnumber    = {4},
  OPTpages     = {257--271},
  year      = {1999},
}