@article{ArmbrustFGJKKLPRSZ10,
  author    = {Michael Armbrust and
      Armando Fox and
      Rean Griffith and
      Anthony Joseph and
      Randy Katz and
      Andy Konwinski and
      Gunho Lee and
      David Patterson and
      Ariel Rabkin and
      Ion Stoica and
      Matei Zaharia},
  title     = {A View of Cloud Computing},
  journal   = {Commun. ACM},
  volume    = {53},
  number    = {4},
  year      = {2010},
  pages     = {50--58},
  publisher = {ACM},
  address   = {New York, NY, USA}
}

@article{WangJ20,
  author    = {Handing Wang and
               Yaochu Jin},
  title     = {A Random Forest-Assisted Evolutionary Algorithm for Data-Driven Constrained
               Multiobjective Combinatorial Optimization of Trauma Systems},
  journal   = {{IEEE} Trans. Cybern.},
  volume    = {50},
  number    = {2},
  pages     = {536--549},
  year      = {2020},
}

@article{ZhouL17,
  author    = {Mingxing Zhou and
               Jing Liu},
  title     = {A Two-Phase Multiobjective Evolutionary Algorithm for Enhancing the
               Robustness of Scale-Free Networks Against Multiple Malicious Attacks},
  journal   = {{IEEE} Trans. Cybern.},
  volume    = {47},
  number    = {2},
  pages     = {539--552},
  year      = {2017},
}

@article{YuanBTZLL17,
  author    = {Haitao Yuan and
               Jing Bi and
               Wei Tan and
               MengChu Zhou and
               Bo Hu Li and
               Jianqiang Li},
  title     = {{TTSA:} An Effective Scheduling Approach for Delay Bounded Tasks in
               Hybrid Clouds},
  journal   = {{IEEE} Trans. Cybern.},
  volume    = {47},
  number    = {11},
  pages     = {3658--3668},
  year      = {2017},
}

@article{LiuLJ14,
  author    = {Chenlong Liu and
               Jing Liu and
               Zhongzhou Jiang},
  title     = {A Multiobjective Evolutionary Algorithm Based on Similarity for Community
               Detection From Signed Social Networks},
  journal   = {{IEEE} Trans. Cybern.},
  volume    = {44},
  number    = {12},
  pages     = {2274--2287},
  year      = {2014},
}

@article{YoonK13,
  author    = {Yourim Yoon and
               Yong{-}Hyuk Kim},
  title     = {An Efficient Genetic Algorithm for Maximum Coverage Deployment in
               Wireless Sensor Networks},
  journal   = {{IEEE} Trans. Cybern.},
  volume    = {43},
  number    = {5},
  pages     = {1473--1483},
  year      = {2013},
}

@article{ChenZLGGZYCLZ19,
  author    = {Zong{-}Gan Chen and
               Zhi{-}Hui Zhan and
               Ying Lin and
               Yue{-}Jiao Gong and
               Tianlong Gu and
               Feng Zhao and
               Huaqiang Yuan and
               Xiaofeng Chen and
               Qing Li and
               Jun Zhang},
  title     = {Multiobjective Cloud Workflow Scheduling: {A} Multiple Populations
               Ant Colony System Approach},
  journal   = {{IEEE} Trans. Cybern.},
  volume    = {49},
  number    = {8},
  pages     = {2912--2926},
  year      = {2019},
}

@article{XueZB13,
  author    = {Bing Xue and
               Mengjie Zhang and
               Will N. Browne},
  title     = {Particle Swarm Optimization for Feature Selection in Classification:
               {A} Multi-Objective Approach},
  journal   = {{IEEE} Trans. Cybern.},
  volume    = {43},
  number    = {6},
  pages     = {1656--1671},
  year      = {2013},
}

@article{MavrovouniotisM17,
  author    = {Michalis Mavrovouniotis and
               Felipe Martins M{\"{u}}ller and
               Shengxiang Yang},
  title     = {Ant Colony Optimization With Local Search for Dynamic Traveling Salesman
               Problems},
  journal   = {{IEEE} Trans. Cybern.},
  volume    = {47},
  number    = {7},
  pages     = {1743--1756},
  year      = {2017},
}

@article{WangWZ19,
  author    = {Jiahai Wang and
               Taiyao Weng and
               Qingfu Zhang},
  title     = {A Two-Stage Multiobjective Evolutionary Algorithm for Multiobjective
               Multidepot Vehicle Routing Problem With Time Windows},
  journal   = {{IEEE} Trans. Cybern.},
  volume    = {49},
  number    = {7},
  pages     = {2467--2478},
  year      = {2019},
}

@article{XiongLCA14,
  author  = {Jian Xiong and
               Jing Liu and
               Yingwu Chen and
               Hussein A. Abbass},
  title   = {A Knowledge-Based Evolutionary Multiobjective Approach for Stochastic
               Extended Resource Investment Project Scheduling Problems},
  journal = {{IEEE} Trans. Evol. Comput.},
  volume  = {18},
  number  = {5},
  pages   = {742--763},
  year    = {2014}
}

@article{SanchezGR08,
  author  = {Javier J. S{\'{a}}nchez Medina and
               Manuel J. Gal{\'{a}}n and
               Enrique Rubio},
  title   = {Applying a Traffic Lights Evolutionary Optimization Technique to a
               Real Case: "Las Ramblas" Area in Santa Cruz de Tenerife},
  journal = {{IEEE} Trans. Evol. Comput.},
  volume  = {12},
  number  = {1},
  pages   = {25--40},
  year    = {2008}
}

@article{ShinLKZ05,
  author  = {Soo{-}Yong Shin and
               In{-}Hee Lee and
               Dongmin Kim and
               Byoung{-}Tak Zhang},
  title   = {Multiobjective evolutionary optimization of {DNA} sequences for reliable
               {DNA} computing},
  journal = {{IEEE} Trans. Evol. Comput.},
  volume  = {9},
  number  = {2},
  pages   = {143--158},
  year    = {2005}
}

@article{JungM02,
  author  = {Soonchul Jung and
               Byung Ro Moon},
  title   = {Toward minimal restriction of genetic encoding and crossovers for
               the two-dimensional Euclidean {TSP}},
  journal = {{IEEE} Trans. Evol. Comput.},
  volume  = {6},
  number  = {6},
  pages   = {557--565},
  year    = {2002}
}

@inproceedings{BariCAB15,
  author    = {Md. Faizul Bari and
      Shihabur Rahman Chowdhury and
      Reaz Ahmed and
      Raouf Boutaba},
  title     = {On orchestrating virtual network functions},
  booktitle = {CNSM'11: Proc. of the 11th International Conference on Network and Service Management},
  pages     = {50--56},
  year      = {2015}
}

@inproceedings{XuF10,
  author    = {Jing Xu and Jos{\'{e}} A. B. Fortes},
  title     = {Multi-Objective Virtual Machine Placement in Virtualized Data Center Environments},
  booktitle = {GreenCom'10: International Conference on Green Computing and Communications},
  pages     = {179--188},
  year      = {2010}
}

@inproceedings{XuF11,
  author    = {Jing Xu and Jos{\'{e}} A. B. Fortes},
  title     = {A multi-objective approach to virtual machine management in datacenters},
  booktitle = {ICAC'11: 8th International Conference on Autonomic Computing},
  pages     = {225--234},
  year      = {2011}
}

@inproceedings{MijumbiSGBTD15,
  author    = {Rashid Mijumbi and Joan Serrat and Juan{-}Luis Gorricho and Niels Bouten and Filip De Turck and Steven Davy},
  title     = {Design and evaluation of algorithms for mapping and scheduling of virtual network functions},
  booktitle = {NetSoft'15: Proceedings of the 1st {IEEE} Conference on Network Softwarization},
  pages     = {1--9},
  year      = {2015}
}

@article{CalheirosRRB09,
  author  = {Rodrigo N. Calheiros and Rajiv Ranjan and C{\'{e}}sar A. F. De Rose and Rajkumar Buyya},
  title   = {CloudSim: {A} Novel Framework for Modeling and Simulation of Cloud Computing Infrastructures and Services},
  journal = {CoRR},
  volume  = {abs/0903.2525},
  year    = {2009}
}

@inproceedings{ClaymanMGMM14,
  author    = {Stuart Clayman and Elisa Maini and Alex Galis and Antonio Manzalini and Nicola Mazzocca},
  title     = {The dynamic placement of virtual network functions},
  booktitle = {NOMS'14: {IEEE} 2014 Network Operations and Management Symposium},
  pages     = {1--9},
  year      = {2014}
}

@article{Satyanarayanan17,
  author  = {Mahadev Satyanarayanan},
  title   = {The Emergence of Edge Computing},
  journal = {{IEEE} Computer},
  volume  = {50},
  number  = {1},
  pages   = {30--39},
  year    = {2017}
}

@techreport{ShehabiARSSD16,
  author = {Arman Shehabi and
      Sarah Josephine Smith and
      Dale A. Sartor and
      Richard E. Brown and
      Magnus Herrlin and
      Jonathan G. Koomey and
      Eric R. Masanet and
      Horner, Nathaniel and
      In{\^e}s Lima Azevedo and
      Lintner, William},
  title  = {{United States} Data Center Energy Usage Report},
  year   = {2016},
  url    = {https://eta.lbl.gov/publications/united-states-data-center-energy}
}

@article {MasanetSLSK20,
	author = {Eric Masanet and Arman Shehabi and Nuoa Lei and Sarah Smith and Jonathan Koomey},
	title = {Recalibrating global data center energy-use estimates},
	volume = {367},
	number = {6481},
	pages = {984--986},
	year = {2020},
	publisher = {American Association for the Advancement of Science},
	issn = {0036-8075},
	journal = {Science}
}

@misc{Idc19,
  author = {{International Data Corporation}},
  title  = {IDC Forecasts Worldwide Spending on the Internet of Things to Reach \$745 Billion in 2019, Led by the Manufacturing, Consumer, Transportation, and Utilities Sectors},
  year   = {2019},
  url    = {https://www.idc.com/getdoc.jsp?containerId=prUS44596319},
  note   = {[Online; accessed 23-April-2019]}
}

@misc{Navigant19,
  author = {{Navigant Research}},
  title  = {Smart Cities},
  year   = {2019},
  url    = {https://www.navigantresearch.com/reports/smart-cities},
  note   = {[Online; accessed 23-April-2019]}
}

@article{BizanisK16,
  author  = {Nikos Bizanis and Fernando A. Kuipers},
  title   = {{SDN} and Virtualization Solutions for the Internet of Things: {A} Survey},
  journal = {{IEEE} Access},
  volume  = {4},
  pages   = {5591--5606},
  year    = {2016}
}

@book{Kleinrock75,
  author    = {Leonard Kleinrock},
  title     = {Theory, Volume 1, Queueing Systems},
  year      = {1975},
  isbn      = {0471491101},
  publisher = {Wiley-Interscience}
}

@book{GelenbePN98,
  title     = {Introduction to Queueing Networks},
  author    = {Erol Gelenbe and Guy Pujolle and J. Nelson},
  volume    = {2},
  year      = {1998},
  publisher = {Wiley New York}
}

@article{Cisco18,
  author = {Cisco},
  title  = {Cisco Global Cloud Index: Forecast and Methodology, 2016-2021},
  year   = {2018},
  url    = {"https://www.cisco.com/c/en/us/solutions/collateral/service-provider/global-cloud-index-gci/white-paper-c11-738085.html},
  note   = {[Online; accessed 2019-05-21]}
}

@article{DebAPM02,
  author  = {Kalyanmoy Deb and Samir Agrawal and Amrit Pratap and T. Meyarivan},
  title   = {A fast and elitist multiobjective genetic algorithm: {NSGA-II}},
  journal = {{IEEE} Trans. Evolutionary Computation},
  volume  = {6},
  number  = {2},
  pages   = {182--197},
  year    = {2002}
}

@inproceedings{JemaaPP16,
  author    = {Fatma Ben Jemaa and Guy Pujolle and Michel Pariente},
  title     = {Analytical Models for QoS-driven {VNF} Placement and Provisioning in Wireless Carrier Cloud},
  booktitle = {MSWiM'16: Proceedings of the 19th {ACM} International Conference on Modeling,
    Analysis and Simulation of Wireless and Mobile Systems},
  pages     = {148--155},
  year      = {2016}
}

@inproceedings{GebertZLST16,
  author    = {Steffen Gebert and Thomas Zinner and Stanislav Lange and Christian Schwartz and Phuoc Tran{-}Gia},
  title     = {Performance Modeling of Softwarized Network Functions Using Discrete-Time Analysis},
  booktitle = {{ITC}'16: 28th International Teletraffic Congress},
  pages     = {234--242},
  year      = {2016}
}

@article{MarottaZDK17,
  author  = {Antonio Marotta and Enrica Zola and Fabio D'Andreagiovanni and Andreas Kassler},
  title   = {A fast robust optimization-based heuristic for the deployment of green virtual network functions},
  journal = {J. Network and Computer Applications},
  volume  = {95},
  pages   = {42--53},
  year    = {2017}
}

@book{Wolsey90,
  title     = {Integer and combinatorial optimization},
  author    = {Wolsey, Laurence A and Nemhauser, George L},
  year      = {1988},
  publisher = {John Wiley \& Sons}
}

@article{GaoABS18,
  author  = {Meihui Gao and Bernardetta Addis and Mathieu Bouet and Stefano Secci},
  title   = {Optimal orchestration of virtual network functions},
  journal = {Computer Networks},
  volume  = {142},
  pages   = {108--127},
  year    = {2018}
}

@inproceedings{AgarwalMCD18,
  author    = {Satyam Agarwal and
               Francesco Malandrino and
               Carla{-}Fabiana Chiasserini and
               Swades De},
  title     = {Joint {VNF} Placement and {CPU} Allocation in 5G},
  booktitle = {{INFOCOM}'18: {IEEE} Conference on Computer Communications},
  pages     = {1943--1951},
  publisher = {{IEEE}},
  year      = {2018}
}

@inproceedings{AddisBBS15,
  author    = {Bernardetta Addis and
      Dallal Belabed and
      Mathieu Bouet and
      Stefano Secci},
  title     = {Virtual network functions placement and routing optimization},
  booktitle = {CLOUDNET'15: Proc. of the 4th {IEEE} International Conference on Cloud Networking},
  pages     = {171--177},
  year      = {2015}
}

@article{BouetLCC15,
  author  = {Mathieu Bouet and J{\'{e}}r{\'{e}}mie Leguay and Th{\'{e}}o Combe and Vania Conan},
  title   = {Cost-based placement of vDPI functions in {NFV} infrastructures},
  journal = {Int. Journal of Network Management},
  volume  = {25},
  number  = {6},
  pages   = {490--506},
  year    = {2015}
}

@inproceedings{RankothgeMLRL15,
  author    = {Windhya Rankothge and
      Jiefei Ma and
      Franck Le and
      Alessandra Russo and
      Jorge Lobo},
  title     = {Towards making network function virtualization a cloud computing service},
  booktitle = {IM'15: Proc. of the 2015 {IFIP/IEEE} International Symposium on Integrated Network Management},
  pages     = {89--97},
  year      = {2015}
}

@inproceedings{BagaaTK14,
  author    = {Miloud Bagaa and Tarik Taleb and Adlen Ksentini},
  title     = {Service-aware network function placement for efficient traffic handling in carrier cloud},
  booktitle = {{WCNC}'14: Wireless Communications and Networking Conference},
  pages     = {2402--2407},
  year      = {2014}
}

@article{SallamJ2019,
  author  = {Gamal Sallam and
      Bo Ji},
  title   = {Joint Placement and Allocation of Virtual Network Functions with Budget and Capacity Constraints},
  journal = {CoRR},
  volume  = {abs/1901.03931},
  year    = {2019}
}

@article{CorinHSSS19,
  author  = {Roberto Doriguzzi Corin and Sandra Scott{-}Hayward and Domenico Siracusa and Marco Savi and Elio Salvadori},
  title   = {Dynamic and Application-Aware Provisioning of Chained Virtual Security Network Functions},
  journal = {CoRR},
  volume  = {abs/1901.01704},
  year    = {2019}
}

@inproceedings{OljiraGTB17,
  author    = {Dejene Boru Oljira and Karl{-}Johan Grinnemo and Javid Taheri and Anna Brunstr{\"{o}}m},
  title     = {A model for QoS-aware {VNF} placement and provisioning},
  booktitle = {{NFV-SDN}'17: Conference on Network Function Virtualization and Software Defined Networks},
  pages     = {1--7},
  year      = {2017}
}

@inproceedings{BillingsleyLMMG19,
  author    = {Joseph Billingsley and Ke Li and Wang Miao and Geyong Min and Nektarios Georgalas},
  title     = {A Formal Model for Multi-objective Optimisation of Network Function Virtualisation Placement},
  booktitle = {{EMO}':19 Evolutionary Multi-Criterion Optimization - 10th International Conference},
  pages     = {529--540},
  year      = {2019}
}

@inproceedings{CohenLNR15,
  author    = {Rami Cohen and
      Liane Lewin{-}Eytan and
      Joseph Naor and
      Danny Raz},
  title     = {Near optimal placement of virtual network functions},
  booktitle = {{INFOCOM}'15: Proc. of the 2015 {IEEE} Conference on Computer Communications},
  pages     = {1346--1354},
  year      = {2015}
}

@inproceedings{BaumgartnerRB15,
  author    = {Andreas Baumgartner and
      Varun S. Reddy and
      Thomas Bauschert},
  title     = {Combined Virtual Mobile Core Network Function Placement and Topology
      Optimization with Latency Bounds},
  booktitle = {EWSDN'15: Proc. of the 4th European Workshop on Software Defined Networks},
  pages     = {97--102},
  year      = {2015}
}

@inproceedings{MarottaK16,
  author    = {Antonio Marotta and Andreas Kassler},
  title     = {A Power Efficient and Robust Virtual Network Functions Placement Problem},
  booktitle = {{ITC}'16: 28th International Teletraffic Congress},
  pages     = {331--339},
  year      = {2016}
}

@inproceedings{KawashimaOOM16,
  author    = {Kota Kawashima and Tatsuya Otoshi and Yuichi Ohsita and Masayuki Murata},
  title     = {Dynamic placement of virtual network functions based on model predictive control},
  booktitle = {{NOMS}'16: Network Operations and Management Symposium},
  pages     = {1037--1042},
  year      = {2016}
}

@inproceedings{XiaCX16,
  author    = {Jing Xia and Zhiping Cai and Ming Xu},
  title     = {Optimized Virtual Network Functions Migration for {NFV}},
  booktitle = {{ICPADS}'16: 22nd {IEEE} International Conference on Parallel and Distributed Systems},
  pages     = {340--346},
  year      = {2016}
}

@inproceedings{MijumbiHDDJB16,
  author    = {Rashid Mijumbi and Sidhant Hasija and Steven Davy and Alan Davy and Brendan Jennings and Raouf Boutaba},
  title     = {A connectionist approach to dynamic resource management for virtualised network functions},
  booktitle = {{CNSM}'16 12th International Conference on Network and Service Management},
  pages     = {1--9},
  year      = {2016}
}

@article{RankothgeLRL17,
  author  = {Windhya Rankothge and Franck Le and Alessandra Russo and Jorge Lobo},
  title   = {Optimizing Resource Allocation for Virtualized Network Functions in a Cloud Center Using Genetic Algorithms},
  journal = {{IEEE} Trans. Network and Service Management},
  volume  = {14},
  number  = {2},
  pages   = {343--356},
  year    = {2017}
}

@techreport{IntelDPDK,
  title       = {Impact of the Intel Data Plane Development Kit (Intel DPDK) on Packet Throughput in Virtualized Network Elements},
  institution = {Intel},
  year        = {2013}
}

@techreport{IntelPPP,
  title       = {Packet Processing Performance of Virtualized Platforms with Linux* and Intel Architecture},
  institution = {Intel},
  year        = {2013}
}

@inproceedings{OljiraBTG16,
  author    = {Dejene Boru Oljira and
Anna Brunstr{\"{o}}m and
Javid Taheri and
Karl{-}Johan Grinnemo},
  title     = {Analysis of Network Latency in Virtualized Environments},
  booktitle = {GLOBECOM'16: Proc. of the 2016 {IEEE} Global Communications Conference},
  pages     = {1--6},
  year      = {2016}
}

@inproceedings{AllegKMA17,
  author    = {Abdelhamid Alleg and
      Riad Kouah and
      Samira Moussaoui and
      Toufik Ahmed},
  title     = {Virtual Network Functions Placement and Chaining for real-time applications},
  booktitle = {CAMAD'17: Proc. of the 22nd {IEEE} International Workshop on Computer Aided Modeling and
      Design of Communication Links and Networks},
  pages     = {1--6},
  year      = {2017}
}

@inproceedings{SoualahMGZ17,
  author    = {Oussama Soualah and
               Marouen Mechtri and
               Chaima Ghribi and
               Djamal Zeghlache},
  title     = {Energy Efficient Algorithm for {VNF} Placement and Chaining},
  booktitle = {{CCGRID}'17:International Symposium on Cluster, Cloud and Grid Computing},
  pages     = {579--588},
  publisher = {{IEEE} Computer Society / {ACM}},
  year      = {2017}
}

@inproceedings{SangJGDY17,
  author    = {Yu Sang and
      Bo Ji and
      Gagan Raj Gupta and
      Xiaojiang Du and
      Lin Ye},
  title     = {Provably efficient algorithms for joint placement and allocation of
      virtual network functions},
  booktitle = {{INFOCOM}'17: Proc. of the 2017 {IEEE} Conference on Computer Communications},
  pages     = {1--9},
  year      = {2017}
}

@article{AndraeE15,
  title     = {On global electricity usage of communication technology: trends to 2030},
  author    = {Anders Andrae and Tomas Edler},
  journal   = {Challenges},
  volume    = {6},
  number    = {1},
  pages     = {117--157},
  year      = {2015},
  publisher = {Multidisciplinary Digital Publishing Institute}
}

@article{AvgerinouBC17,
  author  = {Maria Avgerinou and Paolo Bertoldi and Luca Castellazzi},
  title   = {Trends in Data Centre Energy Consumption under the {European} Code of Conduct for Data Centre Energy Efficiency},
  journal = {Energies},
  year    = {2017},
  number  = {1470},
  pages   = {1--18},
  volume  = {10}
}

@techreport{DoddAGC20,
  author      = {Nicholas Dodd and
            Felice Alfieri and
            Miguel Nuno De Oliveira Gama Caldas and
            Larisa Maya-Drysdaleand
            Jan Viegand and
            Sophia Flucker and
            Robert Tozer and 
            Beth Whitehead and
            Anson Wu
            Fiona Brocklehurst
          },
  title       = {Development of the EU Green Public Procurement (GPP) Criteria for Data Centres},
  institution = {Server Rooms and Cloud Services, Publications Office of the European Union},
  year        = {2020}
}

@article{Lanctot2017,
  title  = {Accelerating the future: The economic impact of the emerging passenger economy},
  author = {Roger Lanctot},
  year   = {2017},
  url    = {https://newsroom.intel.com/newsroom/wp-content/uploads/sites/11/2017/05/passenger-economy.pdf},
  note   = {[Online; accessed 17-May-2019]}
}

@inproceedings{Pongor93,
  author    = {Gy{\"{o}}rgy Pongor},
  title     = {OMNeT: Objective Modular Network Testbed},
  booktitle = {{MASCOTS}'93: Proceedings of the International Workshop on Modeling,
    Analysis, and Simulation On Computer and Telecommunication Systems},
  pages     = {323--326},
  year      = {1993}
}

@article{JenningsS15,
  author  = {Brendan Jennings and Rolf Stadler},
  title   = {Resource Management in Clouds: Survey and Research Challenges},
  journal = {J. Network Syst. Manage.},
  volume  = {23},
  number  = {3},
  pages   = {567--619},
  year    = {2015}
}

@article{MiottoLCG19,
  author  = {Gustavo Miotto and
      Marcelo Caggiani Luizelli and
      Weverton Luis da Costa Cordeiro and
      Luciano Paschoal Gaspary},
  title   = {Adaptive placement {\&} chaining of virtual network functions
      with {NFV-PEAR}},
  journal = {J. Internet Services and Applications},
  volume  = {10},
  number  = {1},
  pages   = {3:1--3:19},
  year    = {2019}
}

@article{JiaMZ21,
  title={A Two-Stage Swarm Optimizer With Local Search for Water Distribution Network Optimization},
  author={Ya-Hui Jia and Yi Mei and Mengjie Zhang},
  journal={{IEEE} Trans. Cybern.},
  year={2021},
  publisher={IEEE}
}

@article{PengJW19,
  author    = {Xingguang Peng and
               Yaochu Jin and
               Handing Wang},
  title     = {Multimodal Optimization Enhanced Cooperative Coevolution for Large-Scale
               Optimization},
  journal   = {{IEEE} Trans. Cybern.},
  volume    = {49},
  number    = {9},
  pages     = {3507--3520},
  year      = {2019},
}

@article{ChengJ15,
  author    = {Ran Cheng and
               Yaochu Jin},
  title     = {A Competitive Swarm Optimizer for Large Scale Optimization},
  journal   = {{IEEE} Trans. Cybern.},
  volume    = {45},
  number    = {2},
  pages     = {191--204},
  year      = {2015},
}

@article{LuizelliCBG17,
  author  = {Marcelo Caggiani Luizelli and
      Weverton Luis da Costa Cordeiro and
      Luciana S. Buriol and
      Luciano Paschoal Gaspary},
  title   = {A fix-and-optimize approach for efficient and large scale virtual
      network function placement and chaining},
  journal = {Computer Communications},
  volume  = {102},
  pages   = {67--77},
  year    = {2017}
}

@inproceedings{LeivadeasFLIK18,
  author    = {Aris Leivadeas and
      Matthias Falkner and
      Ioannis Lambadaris and
      Mohamed Ibnkahla and
      George Kesidis},
  title     = {Balancing Delay and Cost in Virtual Network Function Placement and
      Chaining},
  booktitle = {{NetSoft}'18: 4th {IEEE} Conference on Network Softwarization and Workshops},
  pages     = {433--440},
  year      = {2018}
}

@inproceedings{BillingsleyLMMG20,
  author    = {Joseph Billingsley and
               Ke Li and
               Wang Miao and
               Geyong Min and
               Nektarios Georgalas},
  title     = {Routing-Led Placement of VNFs in Arbitrary Networks},
  booktitle = {{IEEE} Congress on Evolutionary Computation, {CEC} 2020, Glasgow,
               United Kingdom, July 19-24, 2020},
  pages     = {1--8},
  publisher = {{IEEE}},
  year      = {2020}
}

@inproceedings{LangeGZTJ17,
  author    = {Stanislav Lange and
      Alexej Grigorjew and
      Thomas Zinner and
      Phuoc Tran{-}Gia and
      Michael Jarschel},
  title     = {A Multi-objective Heuristic for the Optimization of Virtual Network
      Function Chain Placement},
  booktitle = {{ITC}'17: 29th International Teletraffic Congress},
  pages     = {152--160},
  year      = {2017}
}

@article{FonsecaF98,
  author  = {Carlos M. Fonseca and
      Peter J. Fleming},
  title   = {Multiobjective optimization and multiple constraint handling with
      evolutionary algorithms. I. {A} unified formulation},
  journal = {{IEEE} Trans. Systems, Man, and Cybernetics, Part {A}},
  volume  = {28},
  number  = {1},
  pages   = {26--37},
  year    = {1998}
}

@inproceedings{CaoZACHS16,
  author    = {Jiuyue Cao and
      Yan Zhang and
      Wei An and
      Xin Chen and
      Yanni Han and
      Jiyan Sun},
  title     = {{VNF} Placement in Hybrid {NFV} Environment: Modeling and Genetic
      Algorithms},
  booktitle = {ICPADS'16: Proc. of the 22nd {IEEE} International Conference on Parallel and Distributed Systems},
  pages     = {769--777},
  year      = {2016}
}

@book{Sztrik2012,
  author = {{János Sztrik}},
  title  = {Basic Queueing Theory},
  year   = {2012},
  url    = {https://irh.inf.unideb.hu/~jsztrik/education/16/SOR_Main_Angol.pdf},
  note   = {[Online; accessed 17-May-2019]}
}

@techreport{ArmbrustFGJKK,
  title   = {Above the Clouds: A Berkeley View of Cloud Computing},
  author  = {Michael Armbrust and Armando Fox and Rean Griffith and Anthony D. Joseph and Randy H. Katz and Andrew Konwinski and Gunho Lee and David A. Patterson and Ariel Rabkin and Ion Stoica and Matei Zaharia},
  journal = {Dept. Electrical Eng. and Comput. Sciences, University of California, Berkeley, Rep. UCB/EECS},
  volume  = {28},
  number  = {13},
  pages   = {2009},
  year    = {2009}
}

@inproceedings{ReynaudABBC16,
  author    = {Fran{\c{c}}ois Reynaud and
Fran{\c{c}}ois{-}Xavier Aguessy and
Olivier Bettan and
Mathieu Bouet and
Vania Conan},
  title     = {Attacks against Network Functions Virtualization and Software-Defined
    Networking: State-of-the-art},
  booktitle = {NetSoft'16: NetSoft Conference and Workshops},
  pages     = {471--476},
  year      = {2016}
}

@article{ZhangL07,
  author  = {Qingfu Zhang and
      Hui Li},
  title   = {{MOEA/D:} {A} Multiobjective Evolutionary Algorithm Based on Decomposition},
  journal = {{IEEE} Trans. Evolutionary Computation},
  volume  = {11},
  number  = {6},
  pages   = {712--731},
  year    = {2007}
}

@inproceedings{ZitzlerK04,
  author    = {Eckart Zitzler and Simon K{\"{u}}nzli},
  title     = {Indicator-Based Selection in Multiobjective Search},
  booktitle = {{PPSN}'04: Proc. of the 8th International Conference on Parallel Problem Solving from Nature},
  pages     = {832--842},
  year      = {2004}
}

@inproceedings{AlFaresLV08,
  author    = {Mohammad Al{-}Fares and
      Alexander Loukissas and
      Amin Vahdat},
  title     = {A scalable, commodity data center network architecture},
  booktitle = {{SIGCOMM}'08 Conference on Applications, Technologies, Architectures, and Protocols for Computer Communications},
  pages     = {63--74},
  year      = {2008}
}

@inproceedings{Woeginger01,
  author    = {Gerhard J. Woeginger},
  title     = {Exact Algorithms for NP-Hard Problems: {A} Survey},
  booktitle = {Combinatorial Optimization - Eureka, You Shrink!, Papers Dedicated
    to Jack Edmonds, 5th International Workshop},
  pages     = {185--208},
  year      = {2001}
}

@article{FischerBBMH13,
  author  = {Andreas Fischer and
    Juan Felipe Botero and
    Michael Till Beck and
    Hermann de Meer and
    Xavier Hesselbach},
  title   = {Virtual Network Embedding: {A} Survey},
  journal = {{IEEE} Communications Surveys and Tutorials},
  volume  = {15},
  number  = {4},
  pages   = {1888--1906},
  year    = {2013}
}

@article{MontanoCM12,
  author  = {Alfredo Arias Monta{\~{n}}o and
Carlos A. Coello Coello and
Efr{\'{e}}n Mezura{-}Montes},
  title   = {Multiobjective Evolutionary Algorithms in Aeronautical and Aerospace
    Engineering},
  journal = {{IEEE} Trans. Evolutionary Computation},
  volume  = {16},
  number  = {5},
  pages   = {662--694},
  year    = {2012}
}

@article{TayaraniNYX15,
  author  = {Mohammad{-}H. Tayarani{-}N. and
    Xin Yao and
    Hongming Xu},
  title   = {Meta-Heuristic Algorithms in Car Engine Design: {A} Literature Survey},
  journal = {{IEEE} Trans. Evolutionary Computation},
  volume  = {19},
  number  = {5},
  pages   = {609--629},
  year    = {2015}
}

@article{HopperT01,
  author  = {E. Hopper and
      B. C. H. Turton},
  title   = {A Review of the Application of Meta-Heuristic Algorithms to 2D Strip
      Packing Problems},
  journal = {Artif. Intell. Rev.},
  volume  = {16},
  number  = {4},
  pages   = {257--300},
  year    = {2001}
}

@inproceedings{WangN10,
  author    = {Guohui Wang and
      T. S. Eugene Ng},
  title     = {The Impact of Virtualization on Network Performance of Amazon {EC2}
      Data Center},
  booktitle = {{INFOCOM}'10: International Conference on Computer Communications,
      Joint Conference of the {IEEE} Computer and Communications Societies},
  pages     = {1163--1171},
  year      = {2010}
}

@article{ChuaWZSH16,
  author  = {Freddy Chong Tat Chua and
      Julie Ward and
      Ying Zhang and
      Puneet Sharma and
      Bernardo A. Huberman},
  title   = {Stringer: Balancing Latency and Resource Usage in Service Function
      Chain Provisioning},
  journal = {{IEEE} Internet Computing},
  volume  = {20},
  number  = {6},
  pages   = {22--31},
  year    = {2016}
}

@inproceedings{MengPZ10,
  author    = {Xiaoqiao Meng and
      Vasileios Pappas and
      Li Zhang},
  title     = {Improving the Scalability of Data Center Networks with Traffic-aware
      Virtual Machine Placement},
  booktitle = {{INFOCOM}'10. International Conference on Computer Communications,
      Joint Conference of the {IEEE} Computer and Communications Societies},
  pages     = {1154--1162}
}

@inproceedings{Li0TL14,
    author    = {Xin Li and
                 Jie Wu and
                 Shaojie Tang and
                 Sanglu Lu},
    title     = {Let's stay together: Towards traffic aware virtual machine placement
        in data centers},
    booktitle = {{INFOCOM}'14: Proc. of the 2014 {IEEE} Conference on Computer Communications},
    pages     = {1842--1850},
    year      = {2014}
}

@article{HawiloJS19,
    author  = {Hassan Hawilo and
               Manar Jammal and
               Abdallah Shami},
    title   = {Network Function Virtualization-Aware Orchestrator for Service Function
        Chaining Placement in the Cloud},
    journal = {{IEEE} J. Sel. Areas Commun.},
    volume  = {37},
    number  = {3},
    pages   = {643--655},
    year    = {2019}
}

@article{GouarebFA18,
    author  = {Racha Gouareb and
               Vasilis Friderikos and
               Abdol{-}Hamid Aghvami},
    title   = {Virtual Network Functions Routing and Placement for Edge Cloud Latency
        Minimization},
    journal = {{IEEE} J. Sel. Areas Commun.},
    volume  = {36},
    number  = {10},
    pages   = {2346--2357},
    year    = {2018}
}

@article{YeZLR19,
  author  = {Qiang Ye and
      Weihua Zhuang and
      Xu Li and
      Jaya Rao},
  title   = {End-to-End Delay Modeling for Embedded {VNF} Chains in {5G} Core Networks},
  journal = {{IEEE} Internet of Things Journal},
  volume  = {6},
  number  = {1},
  pages   = {692--704},
  year    = {2019}
}

@inproceedings{GuoWLQA0Y20,
  author    = {Hantao Guo and
               Ying Wang and
               Zifan Li and
               Xuesong Qiu and
               Hengbin An and
               Peng Yu and
               Ningcheng Yuan},
  title     = {Cost-aware Placement and Chaining of Service Function Chain with {VNF}
               Instance Sharing},
  booktitle = {{NOMS}'20: Proc. of the 2020 {IEEE/IFIP} Network Operations and Management Symposium},
  pages     = {1--8},
  publisher = {{IEEE}},
  year      = {2020}
}

@inproceedings{ZhangXLLGW17,
  author    = {Qixia Zhang and
               Yikai Xiao and
               Fangming Liu and
               John C. S. Lui and
               Jian Guo and
               Tao Wang},
  editor    = {Kisung Lee and
               Ling Liu},
  title     = {Joint Optimization of Chain Placement and Request Scheduling for Network
               Function Virtualization},
  booktitle = {{ICDCS}'17: Proc. of the 2017 {IEEE} International Conference on Distributed Computing Systems},
  pages     = {731--741},
  publisher = {{IEEE} Computer Society},
  year      = {2017}
}

@inproceedings{VizarretaCMMK17,
  author    = {Petra Vizarreta and
               Massimo Condoluci and
               Carmen Mas Machuca and
               Toktam Mahmoodi and
               Wolfgang Kellerer},
  title     = {{QoS}-driven function placement reducing expenditures in {NFV} deployments},
  booktitle = {{ICC}'17: Proc. of the 2017 {IEEE} International Conference on Communications},
  pages     = {1--7},
  publisher = {{IEEE}},
  year      = {2017}
}

@article{QiSW19,
  author  = {Dandan Qi and
               Subin Shen and
               Guanghui Wang},
  title   = {Towards an efficient {VNF} placement in network function virtualization},
  journal = {Comput. Commun.},
  volume  = {138},
  pages   = {81--89},
  year    = {2019}
}

@article{QuASK17,
  author  = {Long Qu and
               Chadi Assi and
               Khaled Bashir Shaban and
               Maurice J. Khabbaz},
  title   = {A Reliability-Aware Network Service Chain Provisioning With Delay
               Guarantees in NFV-Enabled Enterprise Datacenter Networks},
  journal = {{IEEE} Trans. Network and Service Management},
  volume  = {14},
  number  = {3},
  pages   = {554--568},
  year    = {2017}
}

@article{QuZYSLR20,
  author  = {Kaige Qu and
               Weihua Zhuang and
               Qiang Ye and
               Xuemin Shen and
               Xu Li and
               Jaya Rao},
  title   = {Dynamic Flow Migration for Embedded Services in SDN/NFV-Enabled 5G
               Core Networks},
  journal = {{IEEE} Trans. Communications},
  volume  = {68},
  number  = {4},
  pages   = {2394--2408},
  year    = {2020}
}

@article{PeiHXLWW20,
  author    = {Jianing Pei and
               Peilin Hong and
               Kaiping Xue and
               Defang Li and
               David S. L. Wei and
               Feng Wu},
  title     = {Two-Phase Virtual Network Function Selection and Chaining Algorithm
               Based on Deep Learning in SDN/NFV-Enabled Networks},
  journal   = {{IEEE} J. Sel. Areas Commun.},
  volume    = {38},
  number    = {6},
  pages     = {1102--1117},
  year      = {2020},
}

@inproceedings{BeckB15,
    author    = {Michael Till Beck and
                 Juan Felipe Botero},
    title     = {Coordinated Allocation of Service Function Chains},
    booktitle = {{GLOBECOM}'15: Proc. of the IEEE 2015 Global Communications Conference},
    pages     = {1--6},
    year      = {2015},
}


@article{ChantreF20,
    author    = {Hernani D. Chantre and
                 Nelson Luis Saldanha da Fonseca},
    title     = {The Location Problem for the Provisioning of Protected Slices in {NFV}-Based
        {MEC} Infrastructure},
    journal   = {{IEEE} J. Sel. Areas Commun.},
    volume    = {38},
    number    = {7},
    pages     = {1505--1514},
    year      = {2020},
}

@inproceedings{KaurGK020,
    author    = {Kuljeet Kaur and
                 Sahil Garg and
                 Georges Kaddoum and
                 Song Guo},
    title     = {{ESP-VDCE:} Energy, SLA, and Price-driven Virtual Data Center Embedding},
    booktitle = {{ICC}'20: Proc. of the IEEE 2020 International Conference on Communications},
    pages     = {1--7},
    year      = {2020},
}

@inproceedings{CharismiadisTPM20,
    author    = {Anastasios{-}Stavros Charismiadis and
                 Dimitris Tsolkas and
                 Nikos I. Passas and
                 Lazaros F. Merakos},
    title     = {A metaheuristic approach for minimizing service creation time in slice-enabled
        networks},
    booktitle = {{ICC}'20: Proc. of the IEEE 2020 International Conference on Communications},
}

@inproceedings{ArcuriB11,
    author    = {Andrea Arcuri and
                 Lionel C. Briand},
    title     = {A practical guide for using statistical tests to assess randomized
        algorithms in software engineering},
    booktitle = {{ICSE}'11: Proc. of the 33rd International Conference on Software Engineering},
    pages     = {1--10},
    year      = {2011},
}

@article{GreenbergM92,
    author  = {Albert G. Greenberg and
               Neal Madras},
    title   = {How Fair is Fair Queuing?},
    journal = {J. {ACM}},
    volume  = {39},
    number  = {3},
    pages   = {568--598},
    year    = {1992}
}

@book{GKP1994,
    author    = {Ronald L. Graham and
                 Donald E. Knuth and
                 Oren Patashnik},
    title     = {Concrete Mathematics: {A} Foundation for Computer Science, 2nd Ed},
    publisher = {Addison-Wesley},
    year      = {1994}
}

@techreport{Hopps2000,
    title  = {RFC 2992: Analysis of an equal-cost multi-path algorithm},
    author = {Christian Hopps},
    year   = {2000}
}

@inproceedings{KellerTLB12,
    author    = {Gast{\'{o}}n Keller and
                 Michael Tighe and
                 Hanan Lutfiyya and
                 Michael Bauer},
    title     = {An analysis of first fit heuristics for the virtual machine relocation
        problem},
    booktitle = {{CNSM}'12: Proc. of the 8th International Conference on Network and Service Management},
    pages     = {406--413},
    year      = {2012}
}

@article{LiuZDLGZ18,
    author  = {Xiao Fang Liu and
               Zhi{-}Hui Zhan and
               Jeremiah D. Deng and
               Yun Li and
               Tianlong Gu and
               Jun Zhang},
    title   = {An Energy Efficient Ant Colony System for Virtual Machine Placement
        in Cloud Computing},
    journal = {{IEEE} Trans. Evolutionary Computation},
    volume  = {22},
    number  = {1},
    pages   = {113--128},
    year    = {2018}
}

@article{LebiednikMT16,
  author  = {Brian Lebiednik and
               Aman Mangal and
               Niharika Tiwari},
  title   = {A Survey and Evaluation of Data Center Network Topologies},
  journal = {CoRR},
  volume  = {abs/1605.01701},
  year    = {2016},
  url     = {http://arxiv.org/abs/1605.01701}
}

@article{SongZE15,
  title   = {Data Center Energy and Cost Saving Evaluation},
  journal = {Energy Procedia},
  volume  = {75},
  pages   = {1255 - 1260},
  year    = {2015},
  author  = {Zz Song and Xiaojing Zhang and Clas Eriksson}
}

@article{ChiesaKS17,
  author  = {Marco Chiesa and
               Guy Kindler and
               Michael Schapira},
  title   = {Traffic Engineering With Equal-Cost-MultiPath: An Algorithmic Perspective},
  journal = {{IEEE/ACM} Trans. Netw.},
  volume  = {25},
  number  = {2},
  pages   = {779--792},
  year    = {2017}
}

@article{Landa-Silva13,
  author  = {Dario Landa{-}Silva},
  title   = {Franz Rothlauf: Design of Modern Heuristics - Springer, 2011, {ISBN}
               978-3-540-72961-7},
  journal = {Genet. Program. Evolvable Mach.},
  volume  = {14},
  number  = {1},
  pages   = {119--121},
  year    = {2013}
}

@article{MeiLY14,
  author  = {Yi Mei and
               Xiaodong Li and
               Xin Yao},
  title   = {Cooperative Coevolution With Route Distance Grouping for Large-Scale
               Capacitated Arc Routing Problems},
  journal = {{IEEE} Trans. Evol. Comput.},
  volume  = {18},
  number  = {3},
  pages   = {435--449},
  year    = {2014}
}

@inproceedings{YamadaN92,
  author    = {Takeshi Yamada and
               Ryohei Nakano},
  editor    = {Reinhard M{\"{a}}nner and
               Bernard Manderick},
  title     = {A Genetic Algorithm Applicable to Large-Scale Job-Shop Problems},
  booktitle = {PPSN2'92: Parallel Problem Solving from Nature 2},
  pages     = {283--292},
  publisher = {Elsevier},
  year      = {1992}
}

@inproceedings{MarchioriS00,
  author    = {Elena Marchiori and
               Adri G. Steenbeek},
  editor    = {Stefano Cagnoni and
               Riccardo Poli and
               Yun Li and
               George D. Smith and
               David Corne and
               Martin J. Oates and
               Emma Hart and
               Pier Luca Lanzi and
               Egbert J. W. Boers and
               Ben Paechter and
               Terence C. Fogarty},
  title     = {An Evolutionary Algorithm for Large Scale Set Covering Problems with
               Application to Airline Crew Scheduling},
  booktitle = {EvoWorkshops'00: Real-World Applications of Evolutionary Computing},
  series    = {Lecture Notes in Computer Science},
  volume    = {1803},
  pages     = {367--381},
  publisher = {Springer},
  year      = {2000}
}

@article{LakshmiI2013,
  title     = {Application of queueing theory in health care: A literature review},
  author    = {C Lakshmi and Sivakumar Appa Iyer},
  journal   = {Operations Research for Health Care},
  volume    = {2},
  number    = {1-2},
  pages     = {25--39},
  year      = {2013},
  publisher = {Elsevier}
}

@article{Katz53,
  title={A new status index derived from sociometric analysis},
  author={Leo Katz},
  journal={Psychometrika},
  volume={18},
  number={1},
  pages={39--43},
  year={1953},
  publisher={Springer}
}

@article{PapadopoulosC96,
  title     = {Queueing theory in manufacturing systems analysis and design: A classification of models for production and transfer lines},
  author    = {HT Papadopoulos and Cathal Heavey},
  journal   = {European Journal of Operational Research},
  volume    = {92},
  number    = {1},
  pages     = {1--27},
  year      = {1996},
  publisher = {Elsevier}
}

@article{HeCZTCY20,
  author  = {Cheng He and
               Ran Cheng and
               Chuanji Zhang and
               Ye Tian and
               Qin Chen and
               Xin Yao},
  title   = {Evolutionary Large-Scale Multiobjective Optimization for Ratio Error
               Estimation of Voltage Transformers},
  journal = {{IEEE} Trans. Evol. Comput.},
  volume  = {24},
  number  = {5},
  pages   = {868--881},
  year    = {2020}
}

@article{WangLJ20,
  author  = {Shuai Wang and
               Jing Liu and
               Yaochu Jin},
  title   = {Surrogate-Assisted Robust Optimization of Large-Scale Networks Based
               on Graph Embedding},
  journal = {{IEEE} Trans. Evol. Comput.},
  volume  = {24},
  number  = {4},
  pages   = {735--749},
  year    = {2020},
  url     = {https://doi.org/10.1109/TEVC.2019.2950935}
}

@article{PoissonTraffic,
  author  = {W. {Miao} and G. {Min} and Y. {Wu} and H. {Huang} and Z. {Zhao} and H. {Wang} and C. {Luo}},
  journal = {{IEEE} J. Sel. Areas Commun.},
  title   = {Stochastic Performance Analysis of Network Function Virtualization in Future Internet},
  year    = {2019},
  volume  = {37},
  number  = {3},
  pages   = {613-626},
  doi     = {10.1109/JSAC.2019.2894304}
}

@article{InfiniteQueue,
  author  = {R. {Bolla} and R. {Bruschi} and F. {Davoli} and J. F. {Pajo}},
  journal = {IEEE Transactions on Green Communications and Networking},
  title   = {A Model-Based Approach Towards Real-Time Analytics in NFV Infrastructures},
  year    = {2020},
  volume  = {4},
  number  = {2},
  pages   = {529-541},
  doi     = {10.1109/TGCN.2019.2961192}
}

@article{ExponentialDistribution,
  author  = {K. {Qu} and W. {Zhuang} and Q. {Ye} and X. {Shen} and X. {Li} and J. {Rao}},
  journal = {{IEEE} Trans. Commun.},
  title   = {Dynamic Flow Migration for Embedded Services in SDN/NFV-Enabled 5G Core Networks},
  year    = {2020},
  volume  = {68},
  number  = {4},
  pages   = {2394-2408},
  doi     = {10.1109/TCOMM.2020.2968907}
}

@article{ZitzlerT99,
    author    = {Eckart Zitzler and
                 Lothar Thiele},
    title     = {Multiobjective evolutionary algorithms: a comparative case study and
        the strength Pareto approach},
    journal   = {{IEEE} Trans. Evol. Comput.},
    volume    = {3},
    number    = {4},
    pages     = {257--271},
    year      = {1999},
    doi       = {10.1109/4235.797969},
    timestamp = {Tue, 12 May 2020 16:51:02 +0200},
    biburl    = {https://dblp.org/rec/journals/tec/ZitzlerT99.bib},
    bibsource = {dblp computer science bibliography, https://dblp.org}
}
